<?xml version="1.0" encoding="UTF-8" ?>
<record Numero="13985849" format="InterXMarc_Complet" type="Authority">
<leader>00626c1 au22000272  45  <Pos Code="0004">00626</Pos>
<Pos Code="05" Sens="notice modifiée">c</Pos>
<Pos Code="06" Sens="notice validée en catalogage courant">1</Pos>
<Pos Code="08" Sens="notice d&apos;autorité">a</Pos>
<Pos Code="09" Sens="titre uniforme musical (TUM)">u</Pos>
<Pos Code="10">2</Pos>
<Pos Code="11">2</Pos>
<Pos Code="1216">00027</Pos>
<Pos Code="17" Sens="autres cas">2</Pos>
<Pos Code="20">4</Pos>
<Pos Code="21">5</Pos>
</leader>
<controlfield tag="001">FRBNF139858498<Pos Code="0001">FR</Pos>
<Pos Code="0204">BNF</Pos>
<Pos Code="0512">13985849</Pos>
<Pos Code="13">8</Pos>
</controlfield>
<controlfield tag="008">960123140328yy    ts        1680    ? ....                   1   <Pos Code="0001">96</Pos>
<Pos Code="0203">01</Pos>
<Pos Code="0405">23</Pos>
<Pos Code="0607">14</Pos>
<Pos Code="0809">03</Pos>
<Pos Code="1011">28</Pos>
<Pos Code="1213" Sens="ne s&apos;applique pas">yy</Pos>
<Pos Code="1820" Sens="sonate en trio">ts </Pos>
<Pos Code="2831">1680</Pos>
<Pos Code="36" Sens="Date incertaine">?</Pos>
<Pos Code="3841">....</Pos>
<Pos Code="61" Sens="La vedette peut être liée à une notice bibliographique sauf pour l&apos;accès matière RAMEAU">1</Pos>
</controlfield>
<datafield tag="048" ind1=" " ind2=" ">
	<subfield code="a">sa02<Pos Code="0001" Sens="cordes frottées - violon">sa</Pos>
<Pos Code="02">0</Pos>
<Pos Code="03">2</Pos>
</subfield>
	<subfield code="a">sg01<Pos Code="0001" Sens="cordes frottées - viole de gambe">sg</Pos>
<Pos Code="02">0</Pos>
<Pos Code="03">1</Pos>
</subfield>
	<subfield code="a">zb01<Pos Code="0001" Sens="basse continue - instruments non spécifiés">zb</Pos>
<Pos Code="02">0</Pos>
<Pos Code="03">1</Pos>
</subfield>
</datafield>
<datafield tag="100" ind1=" " ind2=" ">
	<subfield code="3">13898724</subfield>
	<subfield code="w"> 0  b     </subfield>
	<subfield code="a">Purcell</subfield>
	<subfield code="m">Henry</subfield>
	<subfield code="d">1659-1695</subfield>
</datafield>
<datafield tag="144" ind1="1" ind2=" ">
	<subfield code="w">....b.....</subfield>
	<subfield code="a">Sonates en trio</subfield>
	<subfield code="k">Z 792</subfield>
	<subfield code="t">Ré mineur</subfield>
</datafield>
<datafield tag="502" ind1=" " ind2=" ">
	<subfield code="3">13952000</subfield>
	<subfield code="a">Purcell</subfield>
	<subfield code="m">Henry</subfield>
	<subfield code="d">1659-1695</subfield>
	<subfield code="t" Barre="4">[12 sonates en trio. Z 790-801]</subfield>
</datafield>
<datafield tag="600" ind1=" " ind2=" ">
	<subfield code="a">1re éd. : Sonata&apos;s of III parts... - London : printed for the author and sold by I. Playford and I. Carr, 1683</subfield>
</datafield>
<datafield tag="600" ind1=" " ind2=" ">
	<subfield code="a">Date de composition : ca 1680</subfield>
</datafield>
<datafield tag="610" ind1=" " ind2=" ">
	<subfield code="a">British library public catalogue</subfield>
	<subfield code="a">Zimmerman</subfield>
</datafield>
<datafield tag="610" ind1=" " ind2=" ">
	<subfield code="a">Grove 6</subfield>
</datafield>
<datafield tag="917" ind1=" " ind2=" ">
	<subfield code="o">OPC</subfield>
	<subfield code="a">101174710</subfield>
</datafield>
<datafield tag="917" ind1=" " ind2=" ">
	<subfield code="o">OPD</subfield>
	<subfield code="a">100726780</subfield>
	<subfield code="b">ATUM</subfield>
</datafield>
<datafield tag="996" ind1=" " ind2=" ">
	<subfield code="o">OPP</subfield>
	<subfield code="a">14843403</subfield>
	<subfield code="d">20140328</subfield>
</datafield>
<Alter Ori="13898724">
<datafield tag="031" ind1=" " ind2=" ">
	<subfield code="a">0000000121188274</subfield>
	<subfield code="2" Sens="ISNI chargé à partir de VIAF">VIAF</subfield>
	<subfield code="d">20130731<Pos Code="0003">2013</Pos>
<Pos Code="0407" Sens="31 juillet">0731</Pos>
</subfield>
</datafield>
</Alter>
<Attr Nom="IDPerenne">ark:/12148/cb13985849j</Attr>
<Attr Nom="NumSource">OPC 101174710</Attr>
<Attr Nom="Source" Sens="BnF catalogue général (depuis 1999)">A</Attr>
<Attr Nom="NumAutoriteLiee">1389872413952000</Attr>
<Attr Nom="DateCreation">23/01/ 1996</Attr>
<Attr Nom="ResponsableCreation">MIGV2</Attr>
<Attr Nom="StructCreation">1</Attr>
<Attr Nom="DateDerniereValidation">28/03/ 2014</Attr>
<Attr Nom="ResponsableDerniereValidation">SERRES CATHERINE</Attr>
<Attr Nom="StructPremiereValidation">1</Attr>
<Attr Nom="DatePremiereValidation">23/01/ 1996</Attr>
<Attr Nom="ResponsablePremiereValidation">MIGV2</Attr>
<Attr Nom="StructDerniereValidation">82</Attr>
<Attr Nom="NumSource" Rep="1">OPD 100726780</Attr>
<Attr Nom="NumSource" Rep="2">OPP 14843403</Attr>
</record>
